@misc{milneANT,
	author={Milne, James S.},
	title={Algebraic Number Theory (v3.08)},
	year={2020},
	note={Available at www.jmilne.org/math/},
	pages={87-88}
}
@BOOK {alacas.williamsk.s.2004,
	author    = "Alaca, S. and Williams, K.S.",
	title     = "Introductory Algebraic Number Theory",
	publisher = "Cambridge University Press",
	year      = "2004"
}